<record><leader>00000cas a22000007a 4500</leader><controlfield tag="001">26992674</controlfield><controlfield tag="008">921118u1952uuuunyumr ne      0    0eng d</controlfield><datafield ind1=" " ind2=" " tag="010"><subfield code="a">sn 92060566 </subfield></datafield><datafield ind1=" " ind2=" " tag="040"><subfield code="a">YOX</subfield><subfield code="b">eng</subfield><subfield code="c">YOX</subfield><subfield code="d">OCLCQ</subfield></datafield><datafield ind1=" " ind2=" " tag="042"><subfield code="a">msc</subfield></datafield><datafield ind1="0" ind2="0" tag="245"><subfield code="a">Greenwich Village caricature.</subfield></datafield><datafield ind1=" " ind2=" " tag="260"><subfield code="a">New York City :</subfield><subfield code="b">Haile Hendrix</subfield></datafield><datafield ind1=" " ind2=" " tag="300"><subfield code="a">v. :</subfield><subfield code="b">ill.</subfield></datafield><datafield ind1=" " ind2=" " tag="310"><subfield code="a">Monthly</subfield></datafield><datafield ind1="0" ind2=" " tag="362"><subfield code="a">Vol. 6, no. 9 (Sept. 1952)-</subfield></datafield><datafield ind1=" " ind2=" " tag="500"><subfield code="a">"The feature newspaper of Greenwich Village."</subfield></datafield><datafield ind1=" " ind2="4" tag="651"><subfield code="a">Greenwich Village (New York, N.Y.)</subfield><subfield code="v">Newspapers.</subfield></datafield><datafield ind1=" " ind2=" " tag="752"><subfield code="a">United States</subfield><subfield code="b">New York</subfield><subfield code="c">New York</subfield><subfield code="d">New York.</subfield></datafield><datafield ind1="0" ind2="0" tag="780"><subfield code="t">Caricature (New York, N.Y.)</subfield><subfield code="w">(DLC)sn 92060565</subfield></datafield><datafield ind1="1" ind2=" " tag="029"><subfield code="a">AU@</subfield><subfield code="b">000020717239</subfield></datafield></record>